@misc{spiral,
  author={Jan Špaček},
  title={Compiler of a simple programming language},
  year={2015},
  howpublished={\url{http://honzasp.github.io/files/spiral_en.pdf}},
}

@incollection{andersson1993balanced,
  title={Balanced search trees made simple},
  author={Andersson, Arne},
  booktitle={Algorithms and Data Structures},
  pages={60--71},
  year={1993},
  publisher={Springer}
}

@book{okasaki1999purely,
  title={Purely functional data structures},
  author={Okasaki, Chris},
  year={1999},
  publisher={Cambridge University Press}
}

@article{germane2014deletion,
  title={Deletion: {The} curse of the red-black tree},
  author={Germane, Kimball and Might, Matthew},
  journal={Journal of Functional Programming},
  volume={24},
  number={04},
  pages={423--433},
  year={2014},
  publisher={Cambridge Univ Press}
}

@book{thomas2001introduction,
  title={Introduction to algorithms},
  author={Thomas H. Cormen and Leiserson, Charles Eric and Rivest, Ronald L. and Stein, Clifford},
  year={2001},
  publisher={MIT press Cambridge}
}

@misc{adams1992implementing,
  title={Implementing Sets Efficiently in a Functional Language},
  author={Adams, Stephen},
  year={1992},
}

@misc{containers,
  title={containers: {Assorted} concrete container types},
  key={Haskell},
  howpublished={\url{http://hackage.haskell.org/package/containers-0.5.7.1}},
}

@phdthesis{celis1986robin,
  title={{Robin} {Hood} Hashing},
  author={Celis, Pedro},
  year={1986},
  school={University of Waterloo}
}

@misc{robinhood,
  title={{Robin} {Hood} hashing},
  author={Emmanuel Goossaert},
  howpublished={\url{http://codecapsule.com/2013/11/11/robin-hood-hashing/}},
  year={2013},
  month={November},
}

@misc{robinhooddel,
  title={{Robin} {Hood} hashing: backward shift deletion},
  author={Emmanuel Goossaert},
  howpublished={\url{http://codecapsule.com/2013/11/17/robin-hood-hashing-backward-shift-deletion/}},
  year={2013},
  month={November},
}

@misc{ruststd,
  title={The {Rust} Standard Library},
  key={rust},
  howpublished={\url{http://doc.rust-lang.org/std/}},
}

@incollection{aumasson2012siphash,
  title={{SipHash}: a fast short-input {PRF}},
  author={Aumasson, Jean-Philippe and Bernstein, Daniel J},
  booktitle={Progress in Cryptology -- INDOCRYPT 2012},
  pages={489--508},
  year={2012},
  publisher={Springer}
}
