@misc{heartbleed,
  author = "Codenomicon",
  title = "Heartbleed Bug",
  year = "2014",
  url = "http://heartbleed.com/",
}

@book{grune2012modern,
  title={Modern compiler design},
  author={Grune, Dick and van Reeuwijk, Kees and Bal, Henri E and Jacobs, Ceriel JH and Langendoen, Koen},
  year={2012},
  publisher={Springer Science \& Business Media}
}

@book{appel1998modern,
  title={Modern Compiler Implementation in ML},
  author={Appel, Andrew W},
  year={1998},
  publisher={Cambridge University Press}
}

@incollection{jones1996compiling,
  title={Compiling Haskell by program transformation: A report from the trenches},
  author={Jones, Simon L Peyton},
  booktitle={Programming Languages and Systems—ESOP'96},
  pages={18--44},
  year={1996},
  publisher={Springer}
}

@inproceedings{jones1993glasgow,
  title={The Glasgow Haskell compiler: a technical overview},
  author={Jones, SL Peyton and Hall, Cordy and Hammond, Kevin and Partain, Will and Wadler, Philip},
  booktitle={Proc. UK Joint Framework for Information Technology (JFIT) Technical Conference},
  volume={93},
  year={1993},
  organization={Citeseer}
}

@techreport{haskellreport2010,
  title={Haskell 2010 Language Report},
  editor={Simon Marlow},
  year={2010},
  institution={Haskell Comittee},
  url={http://www.haskell.org/onlinereport/haskell2010/},
}

@misc{jones1997optimiser,
  title={A transformation-based optimiser for Haskell},
  author={Simon L. Peyton Jones and André L. M. Santos},
  year={1997},
}

@phdthesis{santos1995compilation,
  title={Compilation by Transformation in Non-Strict Functional Languages},
  author="Santos, André Luís de Medeiros",
  year={1995},
  school={Univerzity of Glasgow},
}

@article{jones1992implementing,
  title={Implementing lazy functional languages on stock hardware: the Spineless Tagless G-machine},
  author={Jones, Simon L Peyton},
  journal={Journal of functional programming},
  volume={2},
  number={02},
  pages={127--202},
  year={1992},
  publisher={Cambridge Univ Press}
}

@misc{llvm,
  title = "The LLVM Compiler Infrastructure",
  url = "http://llvm.org/",
  note = "[Online; accessed 6.4.2015]",
}

@misc{clang,
  title = "clang: a C language family frontend for LLVM",
  url = "http://clang.llvm.org/",
  note = "[Online; accessed 6.4.2015]",
}

@misc{rust,
  title = "The Rust Programming Language",
  url = "http://www.rust-lang.org/",
  note = "[Online; accessed 6.4.2015]",
}

@techreport{scheme7,
  title = "Revised\textsuperscript{7} Report on the Algorithmic Language
    Scheme",
  author = "Alex Shinn and John Cowan and Arthur A. Gleckler",
  year = "2013",
}

@inproceedings{kennedy2007compiling,
  title={Compiling with continuations, continued},
  author={Kennedy, Andrew},
  booktitle={ACM SIGPLAN Notices},
  volume={42},
  number={9},
  pages={177--190},
  year={2007},
  organization={ACM}
}

@article{chaitin1981register,
  title={Register allocation via coloring},
  author={Chaitin, Gregory J and Auslander, Marc A and Chandra, Ashok K and Cocke, John and Hopkins, Martin E and Markstein, Peter W},
  journal={Computer languages},
  volume={6},
  number={1},
  pages={47--57},
  year={1981},
  publisher={Elsevier}
}

@article{chaitin1982register,
  title={Register allocation \& spilling via graph coloring},
  author={Chaitin, Gregory J},
  journal={ACM Sigplan Notices},
  volume={17},
  number={6},
  pages={98--101},
  year={1982},
  publisher={ACM}
}

@article{briggs1994improvements,
  title={Improvements to graph coloring register allocation},
  author={Briggs, Preston and Cooper, Keith D and Torczon, Linda},
  journal={ACM Transactions on Programming Languages and Systems (TOPLAS)},
  volume={16},
  number={3},
  pages={428--455},
  year={1994},
  publisher={ACM}
}
